@article{joulin2016bag,
	title={Bag of Tricks for Efficient Text Classification},
	author={Joulin, Armand and Grave, Edouard and Bojanowski, Piotr and Mikolov, Tomas},
	journal={arXiv preprint arXiv:1607.01759},
	year={2016}
}

@inproceedings{iyyer2015deep,
	title={Deep unordered composition rivals syntactic methods for text classification},
	author={Iyyer, Mohit and Manjunatha, Varun and Boyd-Graber, Jordan and Daum{\'e} III, Hal},
	booktitle={Proceedings of the 53rd Annual Meeting of the Association for Computational Linguistics and the 7th International Joint Conference on Natural Language Processing (Volume 1: Long Papers)},
	volume={1},
	pages={1681--1691},
	year={2015}
}

@inproceedings{rehurek_lrec,
	title = {Software Framework for Topic Modelling with Large Corpora},
	author = {Radim {\v R}eh{\r u}{\v r}ek and Petr Sojka},
	booktitle = {Proceedings of the LREC 2010 Workshop on New
			Challenges for NLP Frameworks},
	pages = {45--50},
	year = 2010,
	month = May,
	day = 22,
	publisher = {ELRA},
	address = {Valletta, Malta},
	note={\url{http://is.muni.cz/publication/884893/en}},
	language={English}
}



@article{DBLP:journals/corr/BarriosLAW16,
	title     = {Variations of the Similarity Function of TextRank for Automated Summarization},
	author    = {Federico Barrios and
	Federico L{\'{o}}pez and
	Luis Argerich and
	Rosa Wachenchauzer},
	journal   = {CoRR},
	volume    = {abs/1602.03606},
	year      = {2016},
	url       = {http://arxiv.org/abs/1602.03606},
	archivePrefix = {arXiv},
	eprint    = {1602.03606},
	timestamp = {Wed, 07 Jun 2017 14:40:43 +0200},
	biburl    = {https://dblp.org/rec/bib/journals/corr/BarriosLAW16},
	bibsource = {dblp computer science bibliography, https://dblp.org}
}

@article{sumy,
	title = {sumy 0.7.0},
	author = {Mi{\v s}o Belica},
	year = {2017},
	month = {July},
	day = {22},
	url = {https://pypi.org/project/sumy}
}

@misc{louis,
	title = "{SIMetrix: Summary Input similarity Metrics}",
	author = {Annie Louis},
	year = {2009},
	url = {http://homepages.inf.ed.ac.uk/alouis/IEval2.html},
	note = {Accessed: August 2018}
}

@misc{nltk,
	title = "{Natural Language Toolkit}",
	author = {Steven Bird, Edward Loper, Ewan Klein},
	year = {2018},
	url = {https://www.nltk.org/},
	note = {Accessed: August 2018}
}

@inproceedings{Tauchmann.et.al.2018.LREC,
	author = {Tauchmann, Christopher and Arnold, Thomas and Hanselowski, Andreas and Meyer, Christian M. and Mieskes, Margot},
	title = {Beyond Generic Summarization: A Multi-faceted Hierarchical Summarization Corpus of Large Heterogeneous Data},
	booktitle = {Proceedings of the 11th International Conference on Language Resources and Evaluation (LREC)},
	month = {May},
	year = {2018},
	note = {(to appear)},
	location = {Miyazaki, Japan}
}